<record><leader>00000cas a2200000 a 4500</leader><controlfield tag="001">42422749</controlfield><controlfield tag="008">990923d195819uuazuwr ne      0    0eng d</controlfield><datafield ind1=" " ind2=" " tag="010"><subfield code="a">sn 99068155 </subfield></datafield><datafield ind1=" " ind2=" " tag="040"><subfield code="a">ANN</subfield><subfield code="b">eng</subfield><subfield code="c">ANN</subfield><subfield code="d">OCLCQ</subfield><subfield code="d">OCLCO</subfield></datafield><datafield ind1="1" ind2=" " tag="029"><subfield code="a">AU@</subfield><subfield code="b">000021095420</subfield></datafield><datafield ind1=" " ind2=" " tag="042"><subfield code="a">msc</subfield></datafield><datafield ind1=" " ind2=" " tag="043"><subfield code="a">n-us-az</subfield></datafield><datafield ind1="0" ind2=" " tag="130"><subfield code="a">Spectator (Sedona, Ariz. : Flagstaff ed.)</subfield></datafield><datafield ind1="1" ind2="0" tag="245"><subfield code="a">Spectator.</subfield></datafield><datafield ind1=" " ind2=" " tag="250"><subfield code="a">Flagstaff ed.</subfield></datafield><datafield ind1=" " ind2=" " tag="260"><subfield code="a">Sedona, Ariz. :</subfield><subfield code="b">Herbert Alf</subfield></datafield><datafield ind1=" " ind2=" " tag="300"><subfield code="a">v. :</subfield><subfield code="b">ill.</subfield></datafield><datafield ind1=" " ind2=" " tag="310"><subfield code="a">Weekly</subfield></datafield><datafield ind1=" " ind2=" " tag="588"><subfield code="a">Description based on: Vol. 1, no. 14 (May 1, 1958).</subfield></datafield><datafield ind1=" " ind2="0" tag="651"><subfield code="a">Flagstaff (Ariz.)</subfield><subfield code="v">Newspapers.</subfield></datafield><datafield ind1=" " ind2="0" tag="651"><subfield code="a">Sedona (Ariz.)</subfield><subfield code="v">Newspapers.</subfield></datafield><datafield ind1=" " ind2="0" tag="651"><subfield code="a">Cocnino County (Ariz.)</subfield><subfield code="v">Newspapers.</subfield></datafield><datafield ind1=" " ind2=" " tag="752"><subfield code="a">United States</subfield><subfield code="b">Arizona</subfield><subfield code="c">Coconino</subfield><subfield code="d">Sedona.</subfield></datafield><datafield ind1="0" ind2=" " tag="775"><subfield code="t">Sedona spectator</subfield><subfield code="w">(DLC)sn 99068156</subfield><subfield code="w">(OCoLC)42422807</subfield></datafield></record>